<?xml version="1.0" encoding="UTF-8"?>
<collection xmlns:xsi="http://www.w3.org/2001/XMLSchema-instance" xsi:schemaLocation="http://www.loc.gov/MARC21/slim http://www.loc.gov/standards/marcxml/schema/MARC21slim.xsd" xmlns="http://www.loc.gov/MARC21/slim">
<record>
  <leader>00726cam a22002291  4500</leader>
  <controlfield tag="001">3171079</controlfield>
  <controlfield tag="003">NNC</controlfield>
  <controlfield tag="005">20151117185854.0</controlfield>
  <controlfield tag="008">020117m18891890ua            000 0 ara d</controlfield>
  <datafield tag="035" ind1=" " ind2=" ">
    <subfield code="a">(OCoLC)ocm48805164</subfield>
  </datafield>
  <datafield tag="035" ind1=" " ind2=" ">
    <subfield code="9">AUB2412CU</subfield>
  </datafield>
  <datafield tag="035" ind1=" " ind2=" ">
    <subfield code="a">(NNC)3171079</subfield>
  </datafield>
  <datafield tag="040" ind1=" " ind2=" ">
    <subfield code="a">ZCU</subfield>
    <subfield code="c">ZCU</subfield>
  </datafield>
  <datafield tag="099" ind1=" " ind2=" ">
    <subfield code="a">893.7H21</subfield>
    <subfield code="a">S</subfield>
  </datafield>
  <datafield tag="100" ind1="1" ind2=" ">
    <subfield code="a">Kharshī, Muḥammad ibn ʻAbd Allāh,</subfield>
    <subfield code="d">1601 or 1602-1689 or 1690.</subfield>
  </datafield>
  <datafield tag="240" ind1="1" ind2="0">
    <subfield code="a">Sharh al-ṣaghīr</subfield>
  </datafield>
  <datafield tag="245" ind1="1" ind2="0">
    <subfield code="a">Sharḥ al-Muhtaṣar.</subfield>
  </datafield>
  <datafield tag="260" ind1=" " ind2=" ">
    <subfield code="a">Būlāq :</subfield>
    <subfield code="b">al-Maṭbaʻah al-Khayrīyah,</subfield>
    <subfield code="c">1307-1308 A.H. [1889-1890]</subfield>
  </datafield>
  <datafield tag="300" ind1=" " ind2=" ">
    <subfield code="a">5 v.</subfield>
    <subfield code="c">29 cm.</subfield>
  </datafield>
  <datafield tag="700" ind1="0" ind2=" ">
    <subfield code="a">Khalīl ibn Isḥāq al-Jundī,</subfield>
    <subfield code="d">-1365?</subfield>
  </datafield>
  <datafield tag="700" ind1="1" ind2=" ">
    <subfield code="a">Adawī, ʻAlī ibn Aḥmad,</subfield>
    <subfield code="d">1700 or 1701-1775 or 1776.</subfield>
  </datafield>
  <datafield tag="955" ind1=" " ind2=" ">
    <subfield code="b">0055237525</subfield>
    <subfield code="d">glx</subfield>
    <subfield code="e">893.7H21 S</subfield>
    <subfield code="v">v.2</subfield>
  </datafield>
</record>
</collection>